@Book{矢内,
author = {矢内ススム}, 
title = {フラッシュマーケティングが店舗ビジネスを変える}, 
volume = {}, 
pages = {}, 
editor = {}, 
publisher = {エヌティティ出版}, 
address = {}, 
year = {2012}, 
abstract = {}, 
keywords = {}}


@Book{Pink2006-jp,
author = {ダニエル・ピンク}, 
title = {ハイ・コンセプト「新しいこと」を考え出す人の時代}, 
volume = {}, 
pages = {}, 
editor = {}, 
publisher = {三笠書房}, 
address = {}, 
year = {2006}, 
abstract = {}, 
keywords = {}}

@Book{Pink2006,
author = {Pink, Daniel H.}, 
title = {A Whole New Mind: Why Right-Brainers Will Rule the Future}, 
volume = {}, 
pages = {}, 
editor = {}, 
publisher = {Riverhead Trade}, 
address = {}, 
year = {2006}, 
abstract = {Book Description: The future belongs to a different kind of person with a different kind of mind: artists, inventors, storytellers-creative and holistic “right-brain” thinkers whose abilities mark the fault line between who gets ahead and who doesn’t. Drawing on research from around the world, Pink outlines the six fundamentally human abilities that are absolute essentials for professional success and personal fulfillment-and reveals how to master them. <em>A Whole New Mind</em> takes readers to a daring new place, and a provocative and necessary new way of thinking about a future that’s already here.}, 
keywords = {}}




@inproceedings{Bellotti2008,
author = {Bellotti, Victoria and Begole, Bo and Chi, Ed H. and Ducheneaut, Nicolas and Fang, Ji and Isaacs, Ellen and King, Tracy and Newman, Mark W. and Partridge, Kurt and Price, Bob and Rasmussen, Paul and Roberts, Michael and Schiano, Diane J. and Walendowski, Alan}, 
editor = {}, 
title = {Activity-based serendipitous recommendations with the Magitti mobile leisure guide}, 
booktitle = {Proceedings of the SIGCHI conference on Human factors in computing systems CHI '08}, 
volume = {}, 
publisher = {ACM}, 
address = {Florence, Italy}, 
pages = {1157-1166}, 
year = {2007}, 
abstract = {}, 
keywords = {}}

@inproceedings{Rennie2003,
  author    = {Jason D. Rennie and
               Lawrence Shih and
               Jaime Teevan and
               David R. Karger},
  title     = {Tackling the Poor Assumptions of Naive Bayes Text Classifiers},
  booktitle = {ICML},
  year      = {2003},
  pages     = {616-623}
}


@Article{Greg2003,
author = {Greg, Linden and Brent, Smith and Jeremy, York}, 
title = {Amazon.com Recommendations: Item-to-Item Collaborative Filtering}, 
journal = {IEEE Internet Computing}, 
volume = {7}, 
number = {1}, 
pages = {76-80}, 
year = {2003}, 
abstract = {}, 
location = {Los Alamitos, CA, USA}, 
keywords = {}}


@Book{Russell2008,
author = {S.J.Russell and P.Norvig}, 
title = {エージェントアプローチ人工知能 第2版}, 
volume = {}, 
pages = {}, 
editor = {}, 
publisher = {共立出版}, 
address = {}, 
year = {2008}, 
abstract = {}, 
keywords = {}}

@Book{Kevin2007,
author = {リンチ, ケヴィン}, 
title = {都市のイメージ}, 
volume = {}, 
pages = {}, 
editor = {}, 
publisher = {岩波書店}, 
address = {}, 
year = {2007}, 
abstract = {}, 
keywords = {}}

@Book{,
author = {フルッサー, ヴィレム}, 
title = {テクノコードの誕生—コミュニケーション学序説}, 
volume = {}, 
pages = {}, 
editor = {}, 
publisher = {東京大学出版会}, 
address = {}, 
year = {1997}, 
abstract = {}, 
keywords = {}}

@Article{Ishikawa2008,
author = {石川詔三 and 河田諭志 and 本村陽一 and 西田佳史 and 原一之}, 
title = {日常生活行動における確率的因果構造モデルの構築と行動推論}, 
journal = {人工知能学会全国大会(第22回)}, 
volume = {}, 
number = {}, 
pages = {}, 
year = {2008}, 
abstract = {}, 
location = {}, 
keywords = {}}


@Article{Kimura2009,
author = {本村陽一}, 
title = {大規模データからの日常生活行動予測モデリング}, 
journal = {Synthesiology}, 
volume = {}, 
number = {}, 
pages = {}, 
year = {2009}, 
abstract = {}, 
location = {}, 
keywords = {}}


@Article{Tanaka2008,
author = {田中克明 and 堀浩一 and 山本真人}, 
title = {個人行動履歴に基づく情報推薦システムの開発}, 
journal = {人工知能学会論文誌}, 
volume = {23}, 
number = {6}, 
pages = {412-423}, 
year = {2008}, 
abstract = {}, 
location = {}, 
keywords = {}}


@Book{Ishikawa1988,
author = {石川義孝}, 
title = {空間的相互作用モデル—その系譜と体系}, 
volume = {}, 
pages = {}, 
editor = {}, 
publisher = {地人書房}, 
address = {}, 
year = {1988}, 
abstract = {}, 
keywords = {}}

@Article{Kamishima2007,
author = {神嶌敏弘}, 
title = {推薦システムのアルゴリズム(1)}, 
journal = {人工知能学会誌}, 
volume = {22}, 
number = {6}, 
pages = {826-837}, 
year = {2007}, 
abstract = {}, 
location = {}, 
keywords = {}}


@Article{Fukumoto2001,
author = {福本潤也 and 上田孝行}, 
title = {観測・被観測関係と行動モデル}, 
journal = {土木学会論文集}, 
volume = {}, 
number = {}, 
pages = {}, 
year = {2001}, 
abstract = {}, 
location = {}, 
keywords = {}}


@Article{神嶌2007,
author = {神嶌敏弘 and 赤穂昭太郎}, 
title = {参加システムの嗜好パターンが異なる場合の集団協調フィルタリング}, 
journal = {人工知能学会研究会資料}, 
volume = {}, 
number = {}, 
pages = {}, 
year = {2007}, 
abstract = {}, 
location = {}, 
keywords = {}}


@Article{Kamishima2008,
author = {神嶌敏弘}, 
title = {推薦システムのアルゴリズム(2)}, 
journal = {人工知能学会誌}, 
volume = {23}, 
number = {1}, 
pages = {89-103}, 
year = {2008}, 
abstract = {}, 
location = {}, 
keywords = {}}

@Article{Loecher2009,
author = {Loecher, M and Jebara, T}, 
title = {CitySenseTM: multiscale space time clustering of GPS points and trajectories}, 
journal = {cs.columbia.edu}, 
volume = {}, 
number = {}, 
pages = {}, 
year = {2009}, 
abstract = {}, 
location = {}, 
keywords = {}}


@Article{Sepe2004,
author = {Sepe, M}, 
title = {Complex mapping of the urban landscape: new methods and complex maps}, 
journal = {Proceedings of IPHS International Planning History.}, 
volume = {}, 
number = {}, 
pages = {}, 
year = {2004}, 
abstract = {}, 
location = {}, 
keywords = {}}

@Article{Kurasawa2006,
author = {倉沢央 and 川原圭博 and 森川博之 and 青山友紀}, 
title = {センサ装着場所を考慮した3軸加速度センサを用いた姿勢推定手法(データ解析・検索)}, 
journal = {情報処理学会研究報告. UBI, [ユビキタスコンピューティングシステム]}, 
volume = {2006}, 
number = {54}, 
pages = {15-22}, 
year = {2006}, 
abstract = {}, 
location = {}, 
keywords = {}}


@Article{Nakamura2007,
author = {中村友宣 and 小川剛史 and 清川清 and 竹村治雄}, 
title = {利用者コンテキスト認識における電車内外判定に関する検討}, 
journal = {情報処理学会 マルチメディア, 分散, 協調とモバイルシンポジウム (DICOMO) 論文集, Jul.}, 
volume = {2007}, 
number = {1}, 
pages = {1496-1501}, 
year = {2007}, 
abstract = {}, 
location = {}, 
keywords = {}}


@Book{ビショップ2008,
author = {ビショップ, C. M.}, 
title = {パターン認識と機械学習 下 - ベイズ理論による統計的予測}, 
volume = {}, 
pages = {}, 
editor = {}, 
publisher = {シュプリンガー・ジャパン株式会社}, 
address = {}, 
year = {2008}, 
abstract = {}, 
keywords = {}}

@Book{ビショップ2007,
author = {ビショップ, C. M.}, 
title = {パターン認識と機械学習 上 - ベイズ理論による統計的予測}, 
volume = {}, 
pages = {}, 
editor = {}, 
publisher = {シュプリンガー・ジャパン株式会社}, 
address = {}, 
year = {2007}}

@Article{Kurasawa2005,
author = {倉沢央 and 川原圭博 and 森川博之 and 青山友紀}, 
title = {単一の無線加速度センサを用いたユーザコンテキストの推定}, 
journal = {電子情報通信学会ソサイエティ大会講演論文集}, 
volume = {2005}, 
number = {2}, 
pages = {445}, 
year = {2005}, 
abstract = {}, 
location = {}, 
keywords = {}}


@Article{Kamishima2008-2,
author = {神嶌敏弘}, 
title = {推薦システムのアルゴリズム(3)}, 
journal = {人工知能学会誌}, 
volume = {23}, 
number = {2}, 
pages = {248-263}, 
year = {2008}, 
abstract = {}, 
location = {}, 
keywords = {}}


@Book{James2006,
author = {ジェームズ・スロウィッキー}, 
title = {「みんなの意見」は案外正しい}, 
volume = {}, 
pages = {}, 
editor = {}, 
publisher = {角川書店}, 
address = {}, 
year = {2006}}

@Article{Kato2008,
author = {加藤憲一 and 山田孝子}, 
title = {業種別商業集積に基づく都心商業地域の回遊行動モデル}, 
journal = {Working papers series. Working paper}, 
volume = {41}, 
number = {}, 
pages = {1-7}, 
year = {2008}, 
abstract = {}, 
location = {}, 
keywords = {}}


@Book{エドワード1999,
author = {レルフ, エドワード}, 
title = {場所の現象学—没場所性を越えて (ちくま学芸文庫)}, 
volume = {}, 
pages = {}, 
editor = {}, 
publisher = {筑摩書房}, 
address = {}, 
year = {1999}}

@Book{Toby2008,
author = {Segaran, Toby}, 
title = {集合知プログラミング}, 
volume = {}, 
pages = {}, 
editor = {}, 
publisher = {オライリージャパン}, 
address = {}, 
year = {2008},
}

@inproceedings{Cory2008,
author = {Cory, Cornelius and Apu, Kapadia and David, Kotz and Dan, Peebles and Minho, Shin and Nikos, Triandopoulos}, 
editor = {}, 
title = {AnonySense Proceedings of the 2008 International Conference on Mobile Systems, Applications, and Services (MobiSys)}, 
booktitle = {AnonySense Proceedings of the 2008 International Conference on Mobile Systems, Applications, and Services (MobiSys)}, 
volume = {}, 
publisher = {ACM Press}, 
address = {}, 
pages = {211-224}, 
year = {2008}}

@Book{McCullough2005,
author = {McCullough, Malcolm}, 
title = {Digital Ground: Architecture, Pervasive Computing, and Environmental Knowing}, 
volume = {}, 
pages = {}, 
editor = {}, 
publisher = {The MIT Press}, 
address = {}, 
year = {2005}}

@Article{Kimura2008,
author = {本村陽一  and 西田佳史 and  持丸正明 and 橋田浩一 and 内藤耕}, 
title = {サービスイノベーションのための大規模データの分析・モデル化・サービス設計スパイラル}, 
journal = {人工知能学会第22回全国大会}, 
volume = {}, 
number = {}, 
pages = {}, 
year = {2008}, 
abstract = {}, 
location = {}, 
keywords = {}}


@Article{Mine2005,
author = {岑貴志 and 加知範康 and 大島茂 and 加藤博和 and 林良嗣}, 
title = {主要施設の配置を考慮した都市内アクセシビリティ分布の評価}, 
journal = {土木計画学研究・講演集}, 
volume = {32}, 
number = {}, 
pages = {}, 
year = {2005}, 
abstract = {}, 
location = {}, 
keywords = {}}


@inproceedings{Emiliano08,
author = {Miluzzo, Emiliano and Lane, Nicholas D. and Fodor, Kristof and Peterson, Ronald A. and Hong Lu, Mirco Musolesi and Eisenman, Shane B. and Zheng, Xiao and Campbell, Andrew T.}, 
editor = {}, 
title = {Sensing Meets Mobile Social Networks: The Design, Implementation and Evaluation of the CenceMe Application}, 
booktitle = {Sensing Meets Mobile Social Networks: The Design, Implementation and Evaluation of the CenceMe Application}, 
volume = {}, 
publisher = {}, 
address = {}, 
pages = {}, 
year = {2008}, 
abstract = {}, 
keywords = {}}

@BOOK{Sato2008,
title={質的データ分析法 - 原理・方法・実践},
author={佐藤郁哉},
publisher={新曜社},
year={2008},
month={3},
isbn={9784788510951},
url={http://amazon.co.jp/o/ASIN/4788510952/},
price={￥ 2,205},
totalpages={211},
timestamp={2010.01.15},
}

@Article{Emiliano07,
author = {Miluzzo, Emiliano and Lane, Nicholas D. and Eisenman, Shane B. and Campbell, Andrew T.}, 
title = {CenceMe \UTF{2013} Injecting Sensing Presence into Social Networking Applications}, 
journal = {Smart Sensing and Context}, 
volume = {4793}, 
number = {}, 
pages = {1--28}, 
year = {2007}, 
abstract = {}, 
location = {}, 
keywords = {}}
